<marc:record xmlns:marc="http://www.loc.gov/MARC21/slim" xmlns:xsi="http://www.w3.org/2001/XMLSchema-instance" xsi:schemaLocation="http://www.loc.gov/MARC21/slim http://www.loc.gov/standards/marcxml/schema/MARC21slim.xsd">
  <marc:leader>     nam a22004331a 45M</marc:leader>
  <marc:controlfield tag="001">001685590</marc:controlfield>
  <marc:controlfield tag="003">NNU</marc:controlfield>
  <marc:controlfield tag="005">20061010173304.0</marc:controlfield>
  <marc:controlfield tag="008">000316s1965    iq h          000 0 arard</marc:controlfield>
  <marc:datafield tag="010" ind1=" " ind2=" ">
    <marc:subfield code="a">ne 68003288</marc:subfield>
  </marc:datafield>
  <marc:datafield tag="035" ind1="9" ind2=" ">
    <marc:subfield code="a">NYUb12229029</marc:subfield>
  </marc:datafield>
  <marc:datafield tag="035" ind1=" " ind2=" ">
    <marc:subfield code="a">(NNU)NYUb12229029</marc:subfield>
  </marc:datafield>
  <marc:datafield tag="040" ind1=" " ind2=" ">
    <marc:subfield code="a">DLC</marc:subfield>
    <marc:subfield code="c">WaU</marc:subfield>
    <marc:subfield code="d">WaU</marc:subfield>
    <marc:subfield code="d">MH</marc:subfield>
    <marc:subfield code="d">CStRLIN</marc:subfield>
    <marc:subfield code="d">CtY</marc:subfield>
  </marc:datafield>
  <marc:datafield tag="050" ind1="0" ind2=" ">
    <marc:subfield code="a">PJ7750.S26</marc:subfield>
    <marc:subfield code="b">A8 1966</marc:subfield>
  </marc:datafield>
  <marc:datafield tag="066" ind1=" " ind2=" ">
    <marc:subfield code="c">(3</marc:subfield>
  </marc:datafield>
  <marc:datafield tag="090" ind1=" " ind2=" ">
    <marc:subfield code="a">PJ7750.S26</marc:subfield>
    <marc:subfield code="b">A8 1966</marc:subfield>
  </marc:datafield>
  <marc:datafield tag="100" ind1="1" ind2=" ">
    <marc:subfield code="a">Ṣāḥib al-Ṭālqānī, Abū al-Qāsim Ismāʻīl ibn ʻAbbād,</marc:subfield>
    <marc:subfield code="d">936-995</marc:subfield>
    <marc:subfield code="6">01</marc:subfield>
  </marc:datafield>
  <marc:datafield tag="100" ind1="1" ind2=" ">
    <marc:subfield code="6">01</marc:subfield>
    <marc:subfield code="a">صاحب الطالقاني، أبو القاسم إسماعيل بن عباد.</marc:subfield>
  </marc:datafield>
  <marc:datafield tag="245" ind1="1" ind2="3">
    <marc:subfield code="6">02</marc:subfield>
    <marc:subfield code="a">al-Amthāl al-sāʼirah min shiʻr al-Mutanabbī, wa-al-Rūznāmjah /</marc:subfield>
    <marc:subfield code="c">Taʼlīf al-Ṣāhib Abī al-Qāsim Ismāʻīl ibn ʻAbbād ; taḥqīq Muḥammad Ḥasan Āl Yāsīn.</marc:subfield>
  </marc:datafield>
  <marc:datafield tag="245" ind1="1" ind2="2">
    <marc:subfield code="6">02</marc:subfield>
    <marc:subfield code="a">الأمثال السائرة من شعر المتنبي، والروزنامجة /</marc:subfield>
    <marc:subfield code="c">تأليف الصاحب أبي القاسم إسماعيل بن عباد ؛ تحقيق محمد حسن آل ياسين.</marc:subfield>
  </marc:datafield>
  <marc:datafield tag="246" ind1="3" ind2=" ">
    <marc:subfield code="6">03</marc:subfield>
    <marc:subfield code="a">Rūznāmjah</marc:subfield>
  </marc:datafield>
  <marc:datafield tag="246" ind1="3" ind2="0">
    <marc:subfield code="a">Rūznāmajah</marc:subfield>
  </marc:datafield>
  <marc:datafield tag="246" ind1="1" ind2="4">
    <marc:subfield code="a">Popular proverbs from al-Mutanabbi's poetry, &amp; the Memoranda</marc:subfield>
  </marc:datafield>
  <marc:datafield tag="246" ind1="3" ind2=" ">
    <marc:subfield code="6">03</marc:subfield>
    <marc:subfield code="a">روزنامجة</marc:subfield>
  </marc:datafield>
  <marc:datafield tag="250" ind1=" " ind2=" ">
    <marc:subfield code="6">04</marc:subfield>
    <marc:subfield code="a">al-Ṭabʻah 1.</marc:subfield>
  </marc:datafield>
  <marc:datafield tag="250" ind1=" " ind2=" ">
    <marc:subfield code="6">04</marc:subfield>
    <marc:subfield code="a">الطبعة 1.</marc:subfield>
  </marc:datafield>
  <marc:datafield tag="260" ind1=" " ind2=" ">
    <marc:subfield code="6">05</marc:subfield>
    <marc:subfield code="a">Baghdad :</marc:subfield>
    <marc:subfield code="b">Maktabat al-Nahḍah,</marc:subfield>
    <marc:subfield code="c">1965.</marc:subfield>
  </marc:datafield>
  <marc:datafield tag="260" ind1=" " ind2=" ">
    <marc:subfield code="6">05</marc:subfield>
    <marc:subfield code="a">بغداد :</marc:subfield>
    <marc:subfield code="b">مكتبة النهضة،</marc:subfield>
    <marc:subfield code="c">1965.</marc:subfield>
  </marc:datafield>
  <marc:datafield tag="300" ind1=" " ind2=" ">
    <marc:subfield code="a">124 p. :</marc:subfield>
    <marc:subfield code="b">facsims. ;</marc:subfield>
    <marc:subfield code="c">24 cm.</marc:subfield>
  </marc:datafield>
  <marc:datafield tag="490" ind1="1" ind2=" ">
    <marc:subfield code="6">06</marc:subfield>
    <marc:subfield code="a">Nafāʻis al-makhṭūṭāt ;</marc:subfield>
    <marc:subfield code="v">4</marc:subfield>
  </marc:datafield>
  <marc:datafield tag="490" ind1="1" ind2=" ">
    <marc:subfield code="6">06</marc:subfield>
    <marc:subfield code="a">نفائس المخطوطات ؛</marc:subfield>
    <marc:subfield code="v">4</marc:subfield>
  </marc:datafield>
  <marc:datafield tag="500" ind1=" " ind2=" ">
    <marc:subfield code="a">Cover title: Popular proverbs from al-Mutanabbi's poetry, &amp; the Memoranda, by al-Sahib ben Abbad. Edited by Muhamad Hassan Al-yasseen.</marc:subfield>
  </marc:datafield>
  <marc:datafield tag="500" ind1=" " ind2=" ">
    <marc:subfield code="a">Date on cover 1966.</marc:subfield>
  </marc:datafield>
  <marc:datafield tag="700" ind1="1" ind2=" ">
    <marc:subfield code="a">Mutanabbī, Abū al-Ṭayyib Aḥmad ibn al-Ḥusayn,</marc:subfield>
    <marc:subfield code="d">915 or 16-965</marc:subfield>
    <marc:subfield code="6">07</marc:subfield>
  </marc:datafield>
  <marc:datafield tag="700" ind1="1" ind2=" ">
    <marc:subfield code="a">Āl Yāsīn, Muḥammad Ḥasan</marc:subfield>
    <marc:subfield code="6">08</marc:subfield>
  </marc:datafield>
  <marc:datafield tag="700" ind1="1" ind2=" ">
    <marc:subfield code="6">07</marc:subfield>
    <marc:subfield code="a">متنبي، أبو الطيب أحمد بن الحسين.</marc:subfield>
  </marc:datafield>
  <marc:datafield tag="700" ind1="1" ind2=" ">
    <marc:subfield code="6">08</marc:subfield>
    <marc:subfield code="a">آل ياسين، محمد حسن.</marc:subfield>
  </marc:datafield>
  <marc:datafield tag="830" ind1=" " ind2="0">
    <marc:subfield code="6">09</marc:subfield>
    <marc:subfield code="a">Nafāʻis al-makhṭūṭāt ;</marc:subfield>
    <marc:subfield code="v">4.</marc:subfield>
  </marc:datafield>
  <marc:datafield tag="830" ind1=" " ind2="0">
    <marc:subfield code="6">09</marc:subfield>
    <marc:subfield code="a">نفائس المخطوطات ؛</marc:subfield>
    <marc:subfield code="v">4</marc:subfield>
  </marc:datafield>
  <marc:datafield tag="998" ind1=" " ind2=" ">
    <marc:subfield code="a">20010429</marc:subfield>
    <marc:subfield code="d">20010429</marc:subfield>
    <marc:subfield code="d">20010429</marc:subfield>
    <marc:subfield code="n">NNU</marc:subfield>
    <marc:subfield code="s">6</marc:subfield>
    <marc:subfield code="t">c</marc:subfield>
    <marc:subfield code="z">e</marc:subfield>
  </marc:datafield>
</marc:record>
